@misc{wiki:Kannada,
    author = "{Wikipedia contributors}",
    title = "Kannada --- {Wikipedia}{,} The Free Encyclopedia",
    year = "2019",
    url = "https://en.wikipedia.org/w/index.php?title=Kannada&oldid=928693230",
    note = "[Online; accessed 1-December-2019]"
}

@article{lecun:mnist,
    added-at = {2010-06-28T21:16:30.000+0200},
    author = {LeCun, Yann and Cortes, Corinna},
    biburl = {https://www.bibsonomy.org/bibtex/2935bad99fa1f65e03c25b315aa3c1032/mhwombat},
    groups = {public},
    howpublished = {http://yann.lecun.com/exdb/mnist/},
    interhash = {21b9d0558bd66279df9452562df6e6f3},
    intrahash = {935bad99fa1f65e03c25b315aa3c1032},
    keywords = {MSc _checked character_recognition mnist network neural},
    lastchecked = {2016-01-14 14:24:11},
    timestamp = {2016-07-12T19:25:30.000+0200},
    title = {{MNIST} handwritten digit database},
    url = {http://yann.lecun.com/exdb/mnist/},
    username = {mhwombat},
    year = 2010
}

@article{prabhu2019kannada,
    title={Kannada-mnist: A new handwritten digits dataset for the kannada language},
    author={Prabhu, Vinay Uday},
    journal={arXiv preprint arXiv:1908.01242},
    year={2019}
}